<record><leader>00000cas a22000007a 4500</leader><controlfield tag="001">25183662</controlfield><controlfield tag="008">920129d1889189uctuwr ne      0    0eng d</controlfield><datafield ind1=" " ind2=" " tag="010"><subfield code="a">sn 92051140 </subfield></datafield><datafield ind1=" " ind2=" " tag="040"><subfield code="a">CNW</subfield><subfield code="b">eng</subfield><subfield code="c">CNW</subfield><subfield code="d">KRTAS</subfield><subfield code="d">OCLCQ</subfield><subfield code="d">OCLCF</subfield><subfield code="d">OCLCO</subfield></datafield><datafield ind1="1" ind2=" " tag="029"><subfield code="a">AU@</subfield><subfield code="b">000020705809</subfield></datafield><datafield ind1=" " ind2=" " tag="042"><subfield code="a">msc</subfield></datafield><datafield ind1=" " ind2=" " tag="043"><subfield code="a">n-us-ct</subfield></datafield><datafield ind1="0" ind2=" " tag="130"><subfield code="a">Wethersfield farmer (Wethersfield, Conn. : 1889)</subfield></datafield><datafield ind1="1" ind2="4" tag="245"><subfield code="a">The Wethersfield farmer.</subfield></datafield><datafield ind1=" " ind2=" " tag="260"><subfield code="a">Wethersfield, Conn. :</subfield><subfield code="b">[s.n.]</subfield></datafield><datafield ind1=" " ind2=" " tag="300"><subfield code="a">v.</subfield></datafield><datafield ind1=" " ind2=" " tag="310"><subfield code="a">Weekly</subfield></datafield><datafield ind1="0" ind2=" " tag="362"><subfield code="a">Vol. 3, no. 35 (Aug. 1, 1889)-</subfield></datafield><datafield ind1=" " ind2=" " tag="500"><subfield code="a">Issues for Aug. 28, 1890-189 published by: J.C. Late &amp; Co.</subfield></datafield><datafield ind1=" " ind2=" " tag="530"><subfield code="a">Also issued on microfilm from Connecticut State Library, Hartford, CT.</subfield></datafield><datafield ind1=" " ind2="0" tag="651"><subfield code="a">Wethersfield (Conn.)</subfield><subfield code="v">Newspapers.</subfield></datafield><datafield ind1=" " ind2="7" tag="655"><subfield code="a">Newspapers.</subfield><subfield code="2">fast</subfield><subfield code="0">(OCoLC)fst01423814</subfield></datafield><datafield ind1=" " ind2="7" tag="651"><subfield code="a">Connecticut</subfield><subfield code="z">Wethersfield.</subfield><subfield code="2">fast</subfield><subfield code="0">(OCoLC)fst01216717</subfield></datafield><datafield ind1=" " ind2=" " tag="752"><subfield code="a">United States</subfield><subfield code="b">Connecticut</subfield><subfield code="c">Hartford</subfield><subfield code="d">Wethersfield.</subfield></datafield><datafield ind1="0" ind2="0" tag="780"><subfield code="t">Wethersfield weekly farmer</subfield><subfield code="w">(DLC)sn 84027724</subfield><subfield code="w">(OCoLC)11487933</subfield></datafield><datafield ind1="0" ind2="4" tag="785"><subfield code="t">Farmington Valley herald &amp; journal</subfield><subfield code="w">(DLC)sn 92051137</subfield><subfield code="w">(OCoLC)25183786</subfield></datafield><datafield ind1=" " ind2=" " tag="938"><subfield code="a">Kirtas Technologies, Inc.</subfield><subfield code="b">KRTS</subfield><subfield code="n">740460</subfield></datafield></record>